=LDR  06506cz  a2201093n  4500
=001  2371787
=005  20190109073432.0
=008  801014n|\azannaabn\\\\\\\\\\|b\aaa\\\\\\
=010  \\$an  80079447 $zno 98053286 
=035  \\$a(OCoLC)oca00460765
=040  \\$aDLC$beng$erda$cDLC$dDLC$dNIC$dNjP$dDLC$dNjP$dDLC$dOCoLC$dUPB$dIEN$dDLC$dWaU$dMdRoLAC
=046  \\$f1935-07-06$2edtf
=100  0\$aBstan-ʼdzin-rgya-mtsho,$cDalai Lama XIV,$d1935-
=368  \\$cDalai Lama XIV
=370  \\$aQinghai Sheng (China)$cChina$fTibet Autonomous Region (China)$2naf
=370  \\$aHongya (Qinghai Sheng, China)
=370  \\$aAmdo (China : Region)$2lcsh
=374  \\$aDalai lamas$2lcsh
=375  \\$aMales$2lcdgt
=377  \\$aeng$atib
=400  0\$aNgawang Lobsang Yishey Tenzing Gyatso,$cDalai Lama XIV,$d1935-
=400  0\$aDalai Lama$bXIV,$d1935-
=400  0\$aDantzenjiatso,$cDalai Lama XIV,$d1935-
=400  0\$aTenzing Gyatso,$cDalai Lama XIV,$d1935-
=400  0\$aLingerh Lamutanchu,$cDalai Lama XIV,$d1935-
=400  1\$aDhondup, Lhamo,$cDalai Lama XIV,$d1935-
=400  0\$aLhamo Tondrup,$cDalai Lama XIV,$d1935-
=400  1\$aTondrup, Lhamo,$cDalai Lama XIV,$d1935-
=400  1\$aGyatso, Tenzing,$cDalai Lama XIV,$d1935-
=400  1\$aLamutanchu, Lingerh,$cDalai Lama XIV,$d1935-
=400  0\$aTa-lai la ma$bXIV,$d1935-
=400  0\$aDalai la ma$bXIV,$d1935-
=400  0\$aTan-tzêng Chia-tsʻo,$cDalai Lama XIV,$d1935-
=400  0\$aTenzin Gyatsho,$cDalai Lama XIV,$d1935-
=400  1\$aGyatsho, Tenzin,$cDalai Lama XIV,$d1935-
=400  0\$aTenzin Gyatso,$cDalai Lama XIV,$d1935-
=400  1\$aGyatso, Tenzin,$cDalai Lama XIV,$d1935-
=400  0\$aSakyaʼi Dge-sbyon Bstan-ʼdzin-rgya-mtsho,$cDalai Lama XIV,$d1935-
=400  1\$aBstan-ʼdzin-rgya-mtsho, Sakyaʼi Dge-sbyon,$cDalai Lama XIV,$d1935-
=400  0\$aĐạt Lai Lạt Ma,$d1935-
=400  0\$aTeng-chin-chia-shuo,$cDalai Lama XIV,$d1935-
=400  0\$aDengjinjiashuo,$cDalai Lama XIV,$d1935-
=400  0\$aTendzin Gyatso,$cDalai Lama XIV,$d1935-
=400  0\$aTenzin Gaytso,$cDalai Lama XIV,$d1935-
=400  1\$aGaytso, Tenzin,$cDalai Lama XIV,$d1935-
=400  0\$aבּסתן־דז׳ין־רגיה־מצ׳ו,‎$cXIV דאלאי לאמה,‎$d1935-
=400  0\$aבסטן-ז'ין-רויא-משטו,‎$cדלי למה ה-14,‎$d1935-
=400  0\$aダライ ·ラマ,$d1935-
=400  0\$aテンジン·ギャツォ,$cダライ·ラマ14世,$d1935-
=400  0\$aBstan-ʼdzin-rgya-mtsho,$c達賴喇嘛 XIV,$d1935-
=400  0\$aJetsun Jamphel Ngawang Lobsang Yeshe Tenzin Gyatso,$cDalai Lama XIV,$d1935-
=400  0\$aLhamo Dondrub,$cDalai Lama XIV,$d1935-
=400  1\$aDondrub, Lhamo,$cDalai Lama XIV,$d1935-
=400  0\$a丹增嘉措,$cDalai Lama XIV,$d1935-
=400  0\$aDanzengjiacuo,$cDalai Lama XIV,$d1935-
=400  0\$aТензин Гяцо,$cDalai Lama XIV,$d1935-
=400  1\$aГяцо, Тензин,$cDalai Lama XIV,$d1935-
=400  0\$aTenzin Gi͡at͡so,$cDalai Lama XIV,$d1935-
=400  1\$aGi͡at͡so, Tenzin,$cDalai Lama XIV,$d1935-
=400  0\$aTändzin Gjamccho,$cDalai Lama XIV,$d1935-
=400  1\$aGjamccho, Tändzin,$cDalai Lama XIV,$d1935-
=400  0\$aDžampal Ngawang Lozang Ješe Tändzin Gjamccho,$cDalai Lama XIV,$d1935-
=400  0\$aTendzin Gyatsho,$cDalai Lama XIV,$d1935-
=400  1\$aGyatsho, Tendzin,$cDalai Lama XIV,$d1935-
=400  0\$aטנזין גיאטסו,‎$cDalai Lama XIV,$d1935-
=400  1\$aגיאטסו, טנזין,‎$cDalai Lama XIV,$d1935-
=400  0\$aTenzins Gjaco,$cDalai Lama XIV,$d1935-
=400  1\$aGjaco, Tenzins,$cDalai Lama XIV,$d1935-
=400  0\$aTendzin Gyaco,$cDalai Lama XIV,$d1935-
=400  1\$aGyaco, Tendzin,$cDalai Lama XIV,$d1935-
=400  0\$aDzsepcun Dzsampal Ngagvang Loszang Jese Tendzin Gyaco,$cDalai Lama XIV,$d1935-
=400  0\$aТенцин Гјацо,$cDalai Lama XIV,$d1935-
=400  1\$aГјацо, Тенцин,$cDalai Lama XIV,$d1935-
=400  0\$aTencin Gjaco,$cDalai Lama XIV,$d1935-
=400  1\$aGjaco, Tencin,$cDalai Lama XIV,$d1935-
=400  0\$aTenzin Gjaco,$cDalai Lama XIV,$d1935-
=400  1\$aGjaco, Tenzin,$cDalai Lama XIV,$d1935-
=400  0\$aТензин Гјатсо,$cDalai Lama XIV,$d1935-
=400  1\$aГјатсо, Тензин,$cDalai Lama XIV,$d1935-
=400  0\$aTenzin Gjatso,$cDalai Lama XIV,$d1935-
=400  1\$aGjatso, Tenzin,$cDalai Lama XIV,$d1935-
=667  \\$aMachine-derived non-Latin script reference project.
=667  \\$aNon-Latin script references not evaluated.
=670  \\$aThomas, L. Dalai Lama, 1961.
=670  \\$aHis My Tibet, c1990:$bCIP t.p. (His Holiness the fourteenth Dalai Lama of Tibet) verso (the Dalai Lama, Tenzin Gyatso)
=670  \\$aʼJam mgon rgyal baʼi rgyal tshab Yoṅs-ʼdzin Gliṅ-sprul Rdo-rje-ʼchaṅ ... 1989:$bcolophon (Śākyaʼi Dge-sbyoṅ Bstan-ʼdzin-rgya-mtsho)
=670  \\$aNước tôi và dân tôi, 1993:$bt.p. (Đạt Lai Lạt Ma)
=670  \\$aPʻo ping chih lü, 1993:$bt.p. (Ta-lai la ma) p. 7 (b. July 6, 1935, Hsi-ning shih, Tsinghai Prov.; name Teng-chin-chia-shuo)
=670  \\$aLa vie est à nous, c1996:$bt.p. (Dalaï-lama) p. 12 (le XIVe Dailaï-lama, Tendzin Gyatso)
=670  \\$aEspaña ante la Constitución Europea, 2004:$bp. 4 of cover (Dalai Lama Tenzin Gaytso)
=670  \\$aCong huai yi zhong jue xing, 2011:$btitle page (第十四世達賴喇嘛 = Dalai Lama XIV)
=670  \\$aWikipedia, April 22, 2014:$b4th Dalai Lama (The 14th Dalai Lama (religious name: Tenzin Gyatso, shortened from Jetsun Jamphel Ngawang Lobsang Yeshe Tenzin Gyatso, born Lhamo Dondrub, 6 July 1935) is the current Dalai Lama, as well as the longest lived incumbent; Reign: 17 November 1950-present; Predecessor: Thubten Gyatso; Wylie: bstan 'dzin rgya mtsho; THDL: Tenzin Gyatso; Chinese: 丹增嘉措 = Danzengjiacuo; Pinyin: Dānzēng Jiācuò [in roman]; Born: 6 July 1935, Taktser, Amdo, Tibet) Bulgarian page (Тензин Гяцо = Tenzin Gi͡at͡so) Czech page (Tändzin Gjamccho; Džampal Ngawang Lozang Ješe Tändzin Gjamccho) German page (Tendzin Gyatsho) Hebrew page (טנזין גיאטסו = Ṭenzin Giʼaṭso) Latvian page (Tenzins Gjaco) Hungarian page (Tendzin Gyaco; Dzsepcun Dzsampal Ngagvang Loszang Jese Tendzin Gyaco) Macedonian page (Тенцин Гјацо = Tencin Gjaco) Polish page (Tenzin Gjaco) Serbian page (Тензин Гјатсо = Tenzin Gjatso)‎
=952  \\$aRETRO
=953  \\$axx00$bta30

